@article{1748-0221-7-11-P11010,
  author={The ATLAS IBL collaboration},
  title={Prototype ATLAS IBL modules using the FE-I4A front-end readout chip},
  journal={Journal of Instrumentation},
  volume={7},
  number={11},
  pages={P11010},
  url={http://stacks.iop.org/1748-0221/7/i=11/a=P11010},
  year={2012},
  abstract={The ATLAS collaboration will upgrade its semiconductor pixel tracking detector with a new Insertable B-layer (IBL) between the existing pixel detector and the vacuum pipe of the Large Hadron Collider. The extreme operating conditions at this location have necessitated the development of new radiation hard pixel sensor technologies and a new front-end readout chip, called the FE-I4. Planar pixel sensors and 3D pixel sensors have been investigated to equip this new pixel layer, and prototype modules using the FE-I4A have been fabricated and characterized using 120 GeV pions at the CERN SPS and 4 GeV positrons at DESY, before and after module irradiation. Beam test results are presented, including charge collection efficiency, tracking efficiency and charge sharing.}
}
	

@techreport{Capeans:1291633,
      author        = "Capeans, M and Darbo, G and Einsweiller, K and Elsing, M
                       and Flick, T and Garcia-Sciveres, M and Gemme, C and
                       Pernegger, H and Rohne, O and Vuillermet, R",
      title         = "{ATLAS Insertable B-Layer Technical Design Report}",
      institution   = "CERN",
      address       = "Geneva",
      number        = "CERN-LHCC-2010-013. ATLAS-TDR-19",
      month         = "Sep",
      year          = "2010",
      reportNumber  = "CERN-LHCC-2010-013",
      url           = "https://cds.cern.ch/record/1291633",
}
@article{Dopke:1560823,
      author        = "Dopke, J",
      title         = "{Overview of the ATLAS Insertable B-Layer (IBL) Project}",
      month         = "Jul",
      year          = "2013",
      reportNumber  = "ATL-INDET-SLIDE-2013-445",
      url           = "https://cds.cern.ch/record/1560823",
}

@techreport{Kotte:172812,
      author        = "Kotte, R and Keller, H J and Ortlepp, H G and Stary, F",
      title         = "{Bragg-peak spectroscopy of low-energy heavy ions}",
      institution   = "Rossendorf Fachinformations-Zentrum. Zentral-Inst.",
      address       = "Dresden",
      number        = "ZFK-591",
      year          = "1986",
      url           = "http://cds.cern.ch/record/172812",
}

@book{Spieler:1010490,
      author        = "Spieler, Helmuth",
      title         = "{Semiconductor detector systems}",
      publisher     = "Oxford Univ. Press",
      address       = "Oxford",
      series        = "Semiconductor Science and Technology",
      year          = "2005",
      url           = "http://cds.cern.ch/record/1010490",
}

@phdthesis{Guthoff:1977429,
      author        = "Guthoff, Moritz and De Boer, Willem",
      title         = "{Radiation Damage to the diamond-based Beam Condition
                       Monitor of the CMS Detector at the LHC}",
      school        = "CERN",
      year          = "2014",
      url           = "https://cds.cern.ch/record/1977429",
}

@article{pomorski2008electronic,
  title={Electronic properties of single crystal CVD diamond and its suitability for particle detection in hadron physics experiments},
  author={Pomorski, Michal},
  journal={Wolfgang von Goethe University, Frankfurt am Main, Germany},
  year={2008},
  publisher={Citeseer}
}

@article{Bates2005113,
title = "A comparison between irradiated magnetic Czochralski and float zone silicon detectors using the transient current technique ",
journal = "Nuclear Instruments and Methods in Physics Research Section A: Accelerators, Spectrometers, Detectors and Associated Equipment ",
volume = "555",
number = "12",
pages = "113 - 124",
year = "2005",
note = "",
issn = "0168-9002",
doi = "http://dx.doi.org/10.1016/j.nima.2005.09.020",
url = "http://www.sciencedirect.com/science/article/pii/S0168900205018309",
author = "Alison G. Bates and Michael Moll",
keywords = "Transient current technique",
keywords = "Magnetic Czochralski silicon",
keywords = "Effective trapping times ",
abstract = "Magnetic Czochralski (MCz) silicon has recently become a promising material for the development of radiation tolerant detectors for future high-luminosity \{HEP\} experiments. A thorough study of 24 GeV/c proton-irradiated p+-in-n Float Zone (FZ) , Diffusion Oxygenated Float Zone (DOFZ) and \{MCz\} silicon detectors has been conducted using the standard radiation damage characterization tools \{IV\} and CV, the Transient Current Technique (TCT) and annealing studies. The first systematic study on the effective trapping time in \{MCz\} silicon has been performed. The results show that the introduction rate for the traps responsible for the degradation of the effective trapping time for \{MCz\} material agrees with the introduction rate for \{FZ\} and \{DOFZ\} silicon. From the behaviour of the depletion voltage as a function of proton fluence and through the \{TCT\} technique, it has been shown that by a radiation fluence of 5Ã—1014 p/cm2 the depletion voltage has passed its minimum value without type inversion. An annealing study compares the evolution of the effective trapping time, the effective space charge density and the current-related damage parameters for \{MCz\} and \{DOFZ\} silicon. "
}


@unpublished{Dominguez:2002395,
      author        = "Dominguez, Daniel",
      title         = "\emph{Standard Model. Le modele standard}",
      month         = "Mar",
      year          = "2015",
      reportNumber  = "OPEN-PHO-CHART-2015-001",
      url           = "http://cds.cern.ch/record/2002395",
      note          = "General Photo",
}

@unpublished{Maximilien:1324852,
      author        = "Maximilien Brice",
      title         = "\emph{LHC tunnel}",
      month         = "Jan",
      year          = "2011",
      reportNumber  = "CERN-GE-1101021",
      url           = "http://cds.cern.ch/record/1324852",
}

@unpublished{Pequenao:1095924,
      author        = "Joao Pequenao",
      title         = "\emph{Computer generated image of the whole ATLAS detector}",
      month         = "Mar",
      year          = "2008",
      reportNumber  = "CERN-GE-0803012",
      url           = "http://cds.cern.ch/record/1095924",
}

@unpublished{Maximilien:1304589,
      author        = "Maximilien Brice",
      title         = "\emph{View of the nTOF detector}",
      month         = "Oct",
      year          = "2010",
      reportNumber  = "CERN-EX-1010249",
      url           = "http://cds.cern.ch/record/1304589",
}

@unpublished{GeneralAtomics,
      author        = "General Atomics",
      title         = "\emph{View of the TRIGA reactor.}",
      year          = "2015",
      url           = "http://www.ga.com/triga",
}

@unpublished{MarcelloniDeOliveira:1702006,
      author        = "Marcelloni De Oliveira, Claudia",
      title         = "\emph{IBL installation into the inner detector of the ATLAS
                       Experiment side C}",
      month         = "May",
      year          = "2014",
      reportNumber  = "ATLAS-PHO-COLLAB-2014-008",
      url           = "http://cds.cern.ch/record/1702006",
      note          = "General Photo",
}

@unpublished{Cividec:00000,
      author        = "CIVIDEC Instrumentation GmbH",
      title         = "\emph{sCVD diamond sensor}",
      year          = "2015",
      url           = "http://www.cividec.at",
      note           = "http://www.cividec.at",
}

@inproceedings{Novaes:1999yn,
      author         = "Novaes, S. F.",
      title          = "\emph{Standard model: An Introduction}",
      booktitle      = "{Particles and fields. Proceedings, 10th Jorge Andre
                        Swieca Summer School, Sao Paulo, Brazil, February 6-12,
                        1999}",
      url            = "http://alice.cern.ch/format/showfull?sysnb=2173689",
      year           = "1999",
      eprint         = "hep-ph/0001283",
      archivePrefix  = "arXiv",
      primaryClass   = "hep-ph",
      reportNumber   = "IFT-P-010-2000",
      SLACcitation   = "%%CITATION = HEP-PH/0001283;%%"
}

@unpublished{CERN:00000,
	author	= "",
	title		= "\emph{European Centre for Nuclear Research, CERN}",
	year		= "",
	url		= "http://home.cern",
	note		= "http://home.cern",
}

@article{Mills:133232,
      author        = "Mills, W P C",
      title         = "\emph{The present performance of the SPS}",
      journal       = "IEEE Trans. Nucl. Sci.",
      number        = "CERN-SPS-AOP-79-9",
      volume        = "26",
      pages         = "3176-3178. 3 p",
      month         = "Mar",
      year          = "1979",
      url           = "http://cds.cern.ch/record/133232",
}

@article{pumping:00000,
   author = "Marinelli, Marco and Milani, E. and Morgada, M. E. and Pucella, G. and Rodriguez, G. and Tucciarone, A. and Verona-Rinati, G. and Angelone, M. and Pillon, M.",
   title = "\emph{Thermal detrapping analysis of pumping-related defects in diamond}",
   journal = "Applied Physics Letters",
   year = "2003",
   volume = "83",
   number = "18", 
   eid = "",
   pages = "3707-3709",
   url = "http://scitation.aip.org/content/aip/journal/apl/83/18/10.1063/1.1623318",
   doi = "http://dx.doi.org/10.1063/1.1623318" 
}



@unpublished{AtomInst:00000,
	author	= "",
	title		= "\emph{Atominstitut, Technical University of Vienna, Austria}",
	year		= "",
	url		= "http://ati.tuwien.ac.at/startpage/EN/",
	note		= "http://ati.tuwien.ac.at/startpage/EN/",
}

@unpublished{Triga:00000,
	author	= "",
	title		= "\emph{TRIGA MARK II neutron reactor}",
	year		= "",
	url		= "http://ati.tuwien.ac.at/reactor/EN/",
	note		= "http://ati.tuwien.ac.at/reactor/EN/",
}

@unpublished{NTOF:00000,
	author	= "",
	title		= "\emph{Neutron Time-of-flight experiment}",
	year		= "",
	url		= "https://ntof-exp.web.cern.ch/ntof-exp/",
	note		= "https://ntof-exp.web.cern.ch/ntof-exp/",
}

@techreport{Pernegger:1985432,
      author        = "Pernegger, Heinz",
      title         = "\emph{The Pixel Detector of the ATLAS Experiment for LHC
                       Run-2}",
      institution   = "CERN",
      address       = "Geneva",
      number        = "ATL-INDET-PROC-2015-001",
      month         = "Feb",
      year          = "2015",
      reportNumber  = "ATL-INDET-PROC-2015-001",
      url           = "http://cds.cern.ch/record/1985432",
}


@article{ASIC:00000,
      author         = "Garcia-Sciveres, M.",
      title          = "\emph{ATLAS Experiment Pixel Detector Upgrades}",
      collaboration  = "ATLAS",
      year           = "2011",
      eprint         = "1109.4662",
      archivePrefix  = "arXiv",
      primaryClass   = "physics.ins-det",
      reportNumber   = "ATL-UPGRADE-PROC-2011-006",
      SLACcitation   = "%%CITATION = ARXIV:1109.4662;%%"
}

@unpublished{FPGA:00000,
	author	= "",
	title		= "\emph{Xilinx Virtex 5 FPGA}",
	year		= "",
	url		= "http://www.hdl.co.jp/XCM-109/top.560.jpg",
	note		= "http://www.hdl.co.jp/XCM-109/top.560.jpg",
}

@article{RAMO:00000,
	author	= "Ramo, S.",
	title		= "\emph{Currents Induced by Electron Motion}",
	year		= "1939",
	journal	= "Proceedings of the IRE",
	volume	= "27",
	pages	= "584--585",
	doi		= "doi:10.1109/JRPROC.1939.228757",
	url		= "http://ieeexplore.ieee.org/xpl/articleDetails.jsp?arnumber=1686997",
}

@article{SHOCKLEY:00000,
	author	= "Shockley, W.",
	title		= "\emph{Currents to Conductors Induced by a Moving Point Charge}",
	year		= "1938",
	journal	= "Journal of applied Physics",
	volume	= "9",
	pages	= "635",
	doi		= " doi:10.1063/1.1710367",
	url		= "http://scitation.aip.org/content/aip/journal/jap/9/10/10.1063/1.1710367",
}

@book{PDDC:00000,
	author	= "W. Blum and W. Riegler and L. Rolandi",
	title		= "\emph{Particle Detection with Drift Chambers}",
	series	= "2",
	year		= "2008",
	volume	= "2",
	publisher	= "Springer-Verlag",
	address	= "Berlin Heidelberg",
}

@article{JANSEN:00001,
   author = "Jansen, Hendrik and Dobos, Daniel and Eisel, Thomas and Pernegger, Heinz and Eremin, Vladimir and Wermes, Norbert",
   title = "\emph{Temperature dependence of charge carrier mobility in single-crystal chemical vapour deposition diamond}",
   journal = "Journal of Applied Physics",
   year = "2013",
   volume = "113",
   number = "17", 
   eid = 173706,
   pages = "",
   url = "http://scitation.aip.org/content/aip/journal/jap/113/17/10.1063/1.4802679",
   doi = "http://dx.doi.org/10.1063/1.4802679" 
}


@unpublished{E6:00000,
	author	= "",
	title		= "\emph{Element Six}",
	year		= "",
	note          = "http://www.e6.com",
	url		= "http://www.e6.com",
}

@unpublished{IIA:00000,
	author	= "",
	title		= "\emph{IIa Technologies Pte. Ltd.}",
	year		= "",
	note          = "https://www.2atechnologies.com",
	url		= "https://www.2atechnologies.com",
}

@article{IIa:00001,
  author={M. \v{C}erv and P. Sarin and H. Pernegger and P. Vageeswaran and E. Griesmayer},
  title="\emph{Diamond detector for beam profile monitoring in COMET experiment at J-PARC}",
  journal={Journal of Instrumentation},
  volume={10},
  number={06},
  pages={C06016},
  url={http://stacks.iop.org/1748-0221/10/i=06/a=C06016},
  year={2015},
}
	

@unpublished{DRS4:00000,
	author	= "",
	title		= "\emph{DRS4}",
	year		= "",
	note          = "https://www.psi.ch/drs/evaluation-board",
	url		= "https://www.psi.ch/drs/evaluation-board",
}

@phdthesis{Jansen:1956431,
      author        = "Jansen, Hendrik and Wermes, Norbert and Pernegger, Heinz",
      title         = "\emph{Chemical Vapour Deposition Diamond -  Charge Carrier Movement at Low Temperatures and Use in Time-Critical Applications}",
      school        = "Bonn U.",
      month         = "Sep",
      year          = "2013",
      reportNumber  = "CERN-THESIS-2013-339",
      url           = "https://cds.cern.ch/record/1956431",
      note          = "Presented 10 Dec 2013",
}

@article{VDRIFT:00000,
      author        = "Z. Li and H. Kraner",
      title         = "\emph{Modeling and simulation of charge collection properties for neutron irradiated silicon detectors}",
      journal       = "Nuclear Physics B - Proceedings Supplements 32",
      number        = "32",
      year          = "1993",
      pages      = "398-409",       
      url           = "http://infoscience.epfl.ch/record/139397/files/JM3\%20carazzetti\%20paschen.pdf",
}


@article{PASCHEN:00000,
      author        = "P. Carazzetti and H. R. Shea",
      title         = "\emph{Electrical breakdown at low pressure for planar microelectromechanical systems with 10- to 500~$\upmu$m gaps}",
      journal       = "J. Micro/Nanolith. MEMS MOEMS",
      number        = "8(3), 031305",
      month         = "Jul-Sep",
      year          = "2009",
      url           = "http://infoscience.epfl.ch/record/139397/files/JM3\%20carazzetti\%20paschen.pdf",
}

@article{Guthoff:2014223,
title = "\emph{Simulation of beam induced lattice defects of diamond detectors using \{FLUKA\} }",
journal = "Nuclear Instruments and Methods in Physics Research Section A: Accelerators, Spectrometers, Detectors and Associated Equipment ",
volume = "735",
number = "",
pages = "223 - 228",
year = "2014",
note = "",
issn = "0168-9002",
doi = "http://dx.doi.org/10.1016/j.nima.2013.08.083",
url = "http://www.sciencedirect.com/science/article/pii/S0168900213012291",
author = "Moritz Guthoff and Wim de Boer and Steffen MÃ¼ller",
keywords = "Diamond detector",
keywords = "Radiation hardness",
keywords = "FLUKA",
keywords = "DPA",
keywords = "NIEL "
}

@ARTICLE{2002NIMPA,
   author = {{Huhtinen}, M.},
    title = "\emph{Simulation of non-ionising energy loss and defect formation in silicon}",
  journal = {Nuclear Instruments and Methods in Physics Research A},
     year = 2002,
    month = sep,
   volume = 491,
    pages = {194-215},
      doi = {10.1016/S0168-9002(02)01227-5},
   adsurl = {http://adsabs.harvard.edu/abs/2002NIMPA.491..194H},
  adsnote = {Provided by the SAO/NASA Astrophysics Data System}
}

@book{NEQ:00000,
      title         = "\emph{Determination of operational dose equivalent quantities
                       for neutrons}",
      publisher     = "ICRU",
      address       = "Washington, DC",
      year          = "2001",
      url           = "http://cds.cern.ch/record/1402583",
}


@book{PHSEM:00000,
      author     = "S. Sze and K. N. Kwok",
      title         = "\emph{Physics of Semiconductor Devices, 3rd ed.}",
      publisher     = "Wiley",
      address       = "Hoboken, NJ",
      year          = "2007",
}

@unpublished{RD42:00000,
	author	= "",
	title		= "\emph{RD42 collaboration}",
	year		= "",
	note          = "http://rd42.web.cern.ch/rd42/",
	url		= "http://rd42.web.cern.ch/rd42/",
}



@book {RADSEN:00001,
title = "\emph{Radiation Sensors for High Energy Physics Experiments}",
author = {Kagan, H. and Trischuk, W.},
publisher = {John Wiley and Sons, Ltd},
isbn = {9780470740392},
url = {http://dx.doi.org/10.1002/9780470740392.ch9},
doi = {10.1002/9780470740392.ch9},
pages = {395},
keywords = {high-energy physics experiments and high-energy physics interaction, CVD diamond detectors, radiation sensors in high energy physics experiments, radiation hardness studies with CVD diamond, CVD diamond use in high-energy physics, radiation monitoring in high precision tracking system, Beam Condition Monitors (BCM), strip detectors, Large Hadron Collider (sLHC)},
booktitle = {CVD Diamond for Electronic Devices and Sensors},
year = {2009},
}

@article{Evans:1447127,
      author        = "Evans, Lyndon",
      title         = "{The Large Hadron Collider}",
      journal       = "Annu. Rev. Nucl. Part. Sci.",
      volume        = "61",
      pages         = "435-466. 32 p",
      year          = "2011",
      url           = "http://cds.cern.ch/record/1447127",
}


%MISSING RD42 LINK TO damage factors

@unpublished{PSI:00000,
	author	= "",
	title		= "\emph{Paul Scherrer Institute}",
	year		= "",
	note          = "https://www.psi.ch/",
	url		= "https://www.psi.ch/",
}


@techreport{Brianti:604383,
      author        = "Brianti, Giorgio",
      title         = "{SPS North Experimental Area}",
      institution   = "CERN",
      address       = "Geneva",
      number        = "CERN-SPSC-T-73-8. LabII-EA-Note-73-4",
      year          = "1973",
      url           = "http://cds.cern.ch/record/604383",
}

@article{BETHE:00000,
      author        = "H. Bethe and J. Ashkin",
      title         = "",
      journal       = "{Experimental Nuclear Physics, ed. E. Segre}",
      publisher = {J. Wiley, New York},
      year          = "1953",
      pages = {253},
}

@book{sarin2014comprehensive,
  title="\emph{Comprehensive Hard Materials}",
  author={Sarin, V.},
  isbn={9780080965284},
  url={https://books.google.ch/books?id=WXAiAQAAQBAJ},
  year={2014},
  publisher={Elsevier Science},
        pages = {411},
        note = {p. 411},
}

@article{Griesmayer20121997,
title = "\emph{Diamonds for Beam Instrumentation}",
journal = "Physics Procedia ",
volume = "37",
number = "",
pages = "1997 - 2004",
year = "2012",
note = "Proceedings of the 2nd International Conference on Technology and Instrumentation in Particle Physics (TIPP 2011) ",
issn = "1875-3892",
doi = "http://dx.doi.org/10.1016/j.phpro.2012.02.526",
url = "http://www.sciencedirect.com/science/article/pii/S1875389212019232",
author = "E. Griesmayer and B. Dehning",
keywords = "\{CVD\} diamonds",
keywords = "Particle detectors",
keywords = "Beam instrumentation "
}

@article{Kramberger:2013wva,
      author         = "Kramberger, Gregor and Cindro, V. and Gorisek, A. and
                        Mandic, I. and Mikuz, M. and Zavrtanik, M.",
      title          = "\emph{Effects of bias voltage during priming on operation of
                        diamond detectors}",
      booktitle      = "{Proceedings, 21st International Workshop on Vertex
                        Detectors (Vertex 2012)}",
      collaboration  = "CERN-RD42",
      journal        = "PoS",
      volume         = "Vertex2012",
      year           = "2013",
      pages          = "013",
      SLACcitation   = "%%CITATION = POSCI,Vertex2012,013;%%"
}

@article{PhysRevLett.13.13,
  title = "\emph{Lattice Vibrations in Diamond}",
  author = {Yarnell, J. L. and Warren, J. L. and Wenzel, R. G.},
  journal = {Phys. Rev. Lett.},
  volume = {13},
  issue = {1},
  pages = {13--15},
  numpages = {0},
  year = {1964},
  month = {Jul},
  publisher = {American Physical Society},
  doi = {10.1103/PhysRevLett.13.13},
  url = {http://link.aps.org/doi/10.1103/PhysRevLett.13.13}
}



@article{EXCIT:00000,
	Annote = {10.1038/nmat1658},
	Author = {Koch, S. W. and Kira, M. and Khitrova, G. and Gibbs, H. M.},
	Date = {2006/07//print},
	Date-Added = {2016-02-22 22:24:25 +0000},
	Date-Modified = {2016-02-22 22:24:25 +0000},
	Isbn = {1476-1122},
	Journal = {Nat Mater},
	M3 = {10.1038/nmat1658},
	Month = {07},
	Number = {7},
	Pages = {523--531},
	Title = "\emph{Semiconductor excitons in new light}",
	Ty = {JOUR},
	Url = {http://dx.doi.org/10.1038/nmat1658},
	Volume = {5},
	Year = {2006},
	Bdsk-Url-1 = {http://dx.doi.org/10.1038/nmat1658}
}

@article{PERNEG:00001,
   author = "Pernegger, H. and Roe, S. and Weilhammer, P. and Eremin, V. and Frais-Kolbl, H. and Griesmayer, E. and Kagan, H. and Schnetzer, S. and Stone, R. and Trischuk, W. and Twitchen, D. and Whitehead, A.",
   title = "\emph{Charge-carrier properties in synthetic single-crystal diamond measured with the transient-current technique}",
   journal = "Journal of Applied Physics",
   year = "2005",
   volume = "97",
   number = "7", 
   eid = 073704,
   pages = "",
   url = "http://scitation.aip.org/content/aip/journal/jap/97/7/10.1063/1.1863417",
   doi = "http://dx.doi.org/10.1063/1.1863417" 
}



@ARTICLE{1970PhyEd...5..226L,
   author = {{Liang}, W.~Y.},
    title = "\emph{Excitons}",
  journal = {Physics Education},
     year = 1970,
    month = jul,
   volume = 5,
    pages = {226-228},
      doi = {10.1088/0031-9120/5/4/003},
   adsurl = {http://adsabs.harvard.edu/abs/1970PhyEd...5..226L},
  adsnote = {Provided by the SAO/NASA Astrophysics Data System}
}



@unpublished{RD42IRRAD:00000,
	author	= "M. Miku\v{z}",
	title		= "\emph{Diamond sensors for high energy radiation and particle detection}",
	year		= "TIPP, 2011",
	url		= "https://indico.cern.ch/event/102998/session/22/contribution/463/attachments/10561/15445/diamond-TIPP11-nb.pdf",
}


@article{CHTR:00000,
   author = "Klein, Claude A.",
   title = "\emph{Radiation-Induced Energy Levels in Silicon}",
   journal = "Journal of Applied Physics",
   year = "1959",
   volume = "30",
   number = "8", 
   eid = "",
   pages = "1222-1231",
   url = "http://scitation.aip.org/content/aip/journal/jap/30/8/10.1063/1.1735297",
   doi = "http://dx.doi.org/10.1063/1.1735297" 
}



@phdthesis{CHRISSI:00005,
      author        = "C. Weiss",
      title         = "\emph{A CVD diamond detector for (n,$\alpha$) cross-section measurements}",
      school        = "TU Wien, Vienna",
      month         = "",
      year          = "2014",
      reportNumber  = "",
      url           = "",
      note          = "",
}

%TIPP
@article{PAVEL:00004,
      author        = "E. Griesmayer and P. Kavrigin",
      title         = "\emph{Diamonds for Beam Instrumentation}",
      journal       = "Proceedings of Technology and Instrumentation in Particle Physics 2014",
      number        = "Amsterdam, Netherlands",
      month         = "",
      year          = "2014",
      url           = "",
}

%Signals
@article{PAVEL:00003,
      author        = "C. Weiss and H. Frais-K{\"o}lbl and E. Griesmayer and P. Kavrigin",
      title         = "\emph{Ionization signals of diamond detectors in fast neutron fields}",
      journal       = "",
      number        = "",
      month         = "",
      year          = "2016",
      url           = "",
}

%Reactor
@article{PAVEL:00002,
      author        = "E. Griesmayer and R. Bergmann and H. B{\"o}ck and M. Cagnazzo and P. Kavrigin and B. Morgenbesser and  M. Villa",
      title         = "\emph{A Novel Neutron Flux Monitor Based On Diamond Detectors at the Vienna TRIGA Mark II Reactor}",
      journal       = "submitted to the proceedings of ICRR 2015",
      number        = "",
      month         = "",
      year          = "2015",
      url           = "",
}

@ARTICLE{1369574, 
author={H. Frais-Kolbl and E. Griesmayer and H. Kagan and H. Pernegger}, 
journal={IEEE Transactions on Nuclear Science}, 
title={A fast low-noise charged-particle CVD diamond detector}, 
year={2004}, 
volume={51}, 
number={6}, 
pages={3833-3837}, 
keywords={biomedical imaging;nuclear electronics;proton detection;radiofrequency amplifiers;semiconductor counters;CVD diamond detector;Indiana University Cyclotron Facility Bloomington;active detector material;biomedical nuclear imaging;charged-particle solid-state detector;fast low-noise charged-particle;high-bandwidth RF amplifier;high-speed electronics;polycrystalline chemical-vapor-deposition diamond;proton accelerators;proton beam;proton detectors;semiconductor radiation detectors;signal-to-noise ratio;single-particle counting;single-particle detection efficiency;ultrafast signal response;Chemical vapor deposition;Cyclotrons;Detectors;Materials testing;Particle beams;RF signals;Radiofrequency amplifiers;Signal design;Signal detection;Solid state circuits}, 
doi={10.1109/TNS.2004.839366}, 
ISSN={0018-9499}, 
month={Dec},}

%LHC bunches
@article{GRIES:00005,
      author        = "E. Griesmayer et al",
      title         = "\emph{Diamond detectors for LHC}",
      journal       = "Proceedings for IBIC2012. Tsukuba, Japan",
      number        = "",
      month         = "",
      year          = "2012",
      url           = "https://accelconf.web.cern.ch/accelconf/IBIC2012/papers/mopa10.pdf",
      notes         = "https://accelconf.web.cern.ch/accelconf/IBIC2012/papers/mopa10.pdf",      
}


%PSA
@article{PAVEL:00000,
      author        = "P. Kavrigin and P. Finocchiaro and E. Griesmayer and E. Jericha and A. Pappalardo and C. Weiss",
      title         = "\emph{Pulse-shape analysis for gamma background rejection in thermal neutron radiation using CVD diamond detectors}",
      journal       = "Nuclear Instruments and Methods in Physics Research A",
      number        = "795",
      month         = "",
      year          = "2015",
      url           = "",
}

%C13
@article{PAVEL:00001,
      author        = "P.~Kavrigin and E.~Griesmayer and F.~Belloni and A.J.M.~Plompen and P.~Schillebeeckx and C.~Weiss",
      title         = "\emph{$\mathbf{^{13}}$C(n,$\mathbf{\alpha_{0}}$)$\mathbf{^{10}}$Be cross section measurement with sCVD diamond detector}",
      journal       = "EPJA",
      number        = "",
      month         = "",
      year          = "2016",
      url           = "",
}

@unpublished{EPFL:00000,
	title = "\emph{CROCUS neutron reactor}",
	url = "http://lrs.epfl.ch/page-55655-en.html",
	note = "http://lrs.epfl.ch/page-55655-en.html",
	}

@unpublished{ITER:00000,
	title = "\emph{ITER fusion reactor}",
	url = "https://www.iter.org/",
	note = "https://www.iter.org/",
	}


@article{Regenstreif:342915,
      author        = "Regenstreif, E",
      title         = "\emph{The CERN proton synchrotron, 1}",
      journal       = "Ned. T. Natuurk.",
      volume        = "25",
      pages         = "117-132",
      year          = "1959",
      url           = "http://cds.cern.ch/record/342915",
}

@article{Herr:1625184,
      author        = "Herr, W and Holzer, B J and Muratori, B",
      title         = "\emph{Design and Principles of Synchrotrons and Circular
                       Colliders: Concept of Luminosity}",
      journal       = "Landolt-Bšrnstein",
      volume        = "21C",
      pages         = "6.4-1 - 6.4-7",
      year          = "2013",
      url           = "http://cds.cern.ch/record/1625184",
}

@article{Jenni:1193085,
      author        = "Jenni, Peter",
      title         = "\emph{The experiments: ATLAS}",
      pages         = "16 p",
      year          = "2009",
      url           = "http://cds.cern.ch/record/1193085",
}

@techreport{BejarAlonso:2069130,
      author        = "Bejar Alonso, I and Rossi, L",
      title         = "\emph{HiLumi LHC Technical Design Report: Deliverable: D1.10}",
      institution   = "CERN",
      address       = "Geneva",
      number        = "CERN-ACC-2015-0140",
      month         = "Nov",
      year          = "2015",
      reportNumber  = "CERN-ACC-2015-0140",
      url           = "http://cds.cern.ch/record/2069130",
}

@article{Rossi:2026222,
      author        = "Rossi, E",
      title         = "\emph{Measurements of the properties of the Higgs-like boson in
                       the four leptons decay channel with the ATLAS detector
                       using $25 fb^{-1}$ of proton-proton collision data}",
      journal       = "Nuovo Cimento C",
      number        = "01",
      volume        = "037",
      pages         = "217-221. 5 p",
      year          = "2014",
      url           = "http://cds.cern.ch/record/2026222",
}


@article{DIAMS:00000,
	Annote = {10.1038/nature02449},
	Author = {Ekimov, E. A. and Sidorov, V. A. and Bauer, E. D. and Mel'nik, N. N. and Curro, N. J. and Thompson, J. D. and Stishov, S. M.},
	Date = {2004/04/01/print},
	Date-Added = {2016-05-05 09:59:19 +0000},
	Date-Modified = {2016-05-05 09:59:19 +0000},
	Day = {01},
	Isbn = {0028-0836},
	Journal = {Nature},
	M3 = {10.1038/nature02449},
	Month = {04},
	Number = {6982},
	Pages = {542--545},
	Title = "\emph{Superconductivity in diamond}",
	Ty = {JOUR},
	Url = {http://dx.doi.org/10.1038/nature02449},
	Volume = {428},
	Year = {2004},
	Bdsk-Url-1 = {http://dx.doi.org/10.1038/nature02449},
}

@book{CVD:00000,
title = "\emph{Chemical vapor deposition}",
author = { Park, Jong-Hee, 1951- and Sudarshan, T. S., 1955- and ebrary, Inc },
publisher = { Materials Park, Ohio : ASM International },
year = { 2001 },
type = { Book; Book/Illustrated },
isbn = { 9781615032242 (electronic bk.) },
subjects = { Vapor-plating; Refractory coating },
language = { English },
note = { Includes bibliographical references },
catalogue-url = { http://trove.nla.gov.au/work/34532200 }
}

@unpublished{BREMS:00000,
	title = "\emph{Bremsstrahlung}",
	year = {2016},
	journal = {Encyclopaedia Britannica},
	url = {http://www.britannica.com/science/bremsstrahlung},
	notes = {http://www.britannica.com/science/bremsstrahlung},
}

@book {PARMA:00000,
	title = "\emph{Charged Particle and Photon Interactions with Matter: Recent Advances, Applications, and Interfaces}",
	author = {Yoshihiko Hatano and Yosuke Katsumura and A. Mozumder},
	year = {2010},
	publisher =  {CRC Press},
	url = {https://www.crcpress.com/Charged-Particle-and-Photon-Interactions-with-Matter-Recent-Advances-Applications/Hatano-Katsumura-Mozumder/9781439811771},
}

@book{BETHE:00001,
	title = "\emph{Particle Penetration and Radiation Effects Volume 2
- General Aspects and Stopping of Swift Point Charges}",
	author = {Peter Sigmund},
	series = {Springer Series in Solid-State Sciences},
	volume = {151},
	year = {2006},
	publisher = {Springer-Verlag Berlin Heidelberg},
	url = {http://www.springer.com/us/book/9783540317135},
}

@ARTICLE{1947PhRv...72...26F,
   author = {{Fano}, U.},
    title = "\emph{Ionization Yield of Radiations. II. The Fluctuations of the Number of Ions}",
  journal = {Physical Review},
     year = 1947,
    month = jul,
   volume = 72,
    pages = {26-29},
      doi = {10.1103/PhysRev.72.26},
   adsurl = {http://adsabs.harvard.edu/abs/1947PhRv...72...26F},
  adsnote = {Provided by the SAO/NASA Astrophysics Data System}
}

@ARTICLE{1980PhRvB..22.5565A,
   author = {{Alig}, R.~C. and {Bloom}, S. and {Struck}, C.~W.},
    title = "\emph{Scattering by ionization and phonon emission in semiconductors}",
  journal = {},
     year = 1980,
    month = dec,
   volume = 22,
    pages = {5565-5582},
      doi = {10.1103/PhysRevB.22.5565},
   adsurl = {http://adsabs.harvard.edu/abs/1980PhRvB..22.5565A},
  adsnote = {Provided by the SAO/NASA Astrophysics Data System}
}

@article{PhysRev.32.97,
  title = "\emph{Thermal Agitation of Electricity in Conductors}",
  author = {Johnson, J. B.},
  journal = {Phys. Rev.},
  volume = {32},
  issue = {1},
  pages = {97--109},
  numpages = {0},
  year = {1928},
  month = {Jul},
  publisher = {American Physical Society},
  doi = {10.1103/PhysRev.32.97},
  url = {http://link.aps.org/doi/10.1103/PhysRev.32.97}
}

@article{PhysRev.32.110,
  title = "\emph{Thermal Agitation of Electric Charge in Conductors}",
  author = {Nyquist, H.},
  journal = {Phys. Rev.},
  volume = {32},
  issue = {1},
  pages = {110--113},
  numpages = {0},
  year = {1928},
  month = {Jul},
  publisher = {American Physical Society},
  doi = {10.1103/PhysRev.32.110},
  url = {http://link.aps.org/doi/10.1103/PhysRev.32.110}
}



@techreport{Cerv:1630832,
      author        = "\v{C}erv, Matev\v{z}",
      title         = "\emph{The ATLAS Diamond Beam Monitor}",
      institution   = "CERN",
      collaboration = "on behalf of the ATLAS DBM collaboration",
      address       = "Geneva",
      number        = "ATL-INDET-PROC-2013-021",
      month         = "Nov",
      year          = "2013",
      reportNumber  = "ATL-INDET-PROC-2013-021",
      url           = "https://cds.cern.ch/record/1630832",
}


@article{Gorisek:1062633,
      author        = "Gori\v{s}ek, A and Cindro, V and Dolenc, I and Frais-Kšlbl,
                       H and Griesmayer, E and Kagan, H and Korpar, S and
                       Kramberger, G and Mandic, I and Meyer, M and Mikuz, M and
                       Pernegger, H and Smith, S and Trischuk, W and Weilhammer, P
                       and Zavrtanik, M",
      title         = "\emph{ATLAS diamond Beam Condition Monitor}",
      journal       = "Nucl. Instrum. Methods Phys. Res., A",
      number        = "1",
      volume        = "572",
      pages         = "67-69",
      year          = "2007",
      url           = "http://cds.cern.ch/record/1062633",
}

@techreport{ATLAS-CONF-2010-102,
      title         = "\emph{Measurement of the Rate of Collisions from Satellite
                       Bunches for the April-May 2010 LHC Luminosity Calibration}",
      institution   = "CERN",
      collaboration = "ATLAS Collaboration",
      address       = "Geneva",
      number        = "ATLAS-CONF-2010-102",
      month         = "Dec",
      year          = "2010",
      reportNumber  = "ATLAS-CONF-2010-102",
      url           = "http://cds.cern.ch/record/1317334",
}

@unpublished{CIS:00000,
	author	= "",
	title		= "\emph{CiS Forschungsinstitut fuer Mikrosensorik GmbH}",
	year		= "",
	note          = "http://www.cismst.org/",
	url		= "http://www.cismst.org/",
}

@article{Albert:1477014,
      author        = "Albert, J \emph{et al.}",
      title         = "\emph{Prototype ATLAS IBL Modules using the FE-I4A Front-End
                       Readout Chip}",
      journal       = "J. Instrum.",
      collaboration = "ATLAS IBL Collaboration",
      number        = "arXiv:1209.1906",
      volume        = "7",
      pages         = "P11010. 45 p",
      month         = "Sep",
      year          = "2012",
      reportNumber  = "arXiv:1209.1906",
      url           = "http://cds.cern.ch/record/1477014",
      note          = "Comments: 45 pages, 30 figures, submitted to JINST",
}

@article{Huegging:1314083,
      author        = "Huegging, Fabian",
      title         = "\emph{The ATLAS Pixel Insertable B-Layer (IBL)}",
      journal       = "Nucl. Instrum. Methods Phys. Res., A",
      collaboration = "On behalf of the ATLAS Collaboration",
      number        = "arXiv:1012.2742",
      volume        = "650",
      pages         = "45-49. 7 p",
      month         = "Dec",
      year          = "2010",
      reportNumber  = "arXiv:1012.2742",
      url           = "http://cds.cern.ch/record/1314083",
      note          = "Comments: 7 pages, 5 figures, 4 tables, accepted by
                       Nuclear Instruments and Methods A for publication",
}

@article{Claus:2021543,
      author        = "Claus, Richard",
      title         = "\emph{A New ATLAS Muon CSC Readout System with System on Chip
                       Technology on ATCA Platform}",
      month         = "Jun",
      year          = "2015",
      reportNumber  = "ATL-MUON-SLIDE-2015-309",
      url           = "http://cds.cern.ch/record/2021543",
}

@article{Mueller:1175553,
      author        = "Mueller, S and deBoer, W and Schneider, M and Sabellek, A
                       and Schmanau, M and Ruehle, C and Schneider, T and
                       Hall-Wilton, R",
      title         = "\emph{Study of leakage currents in pCVD diamonds as function of
                       the magnetic field}",
      journal       = "Phys. Status Solidi, A",
      number        = "arXiv:0905.0403",
      volume        = "206",
      pages         = "2091-2097. 6 p",
      month         = "May",
      year          = "2009",
      reportNumber  = "arXiv:0905.0403",
      url           = "http://cds.cern.ch/record/1175553",
      note          = "Comments: 6 pages, 16 figures, poster at Hasselt Diamond
                       Workshop, Mar 2009",
}


@article{McGoldrick:1982209,
      author        = "McGoldrick, Garrin and \v{C}erv, Matev\v{z} and Gori\v{s}ek,
                       Andrej",
      title         = "\emph{Synchronized analysis of testbeam data with the Judith
                       software}",
      journal       = "Nucl. Instrum. Methods Phys. Res., A",
      volume        = "765",
      pages         = "140-145",
      year          = "2014",
      url           = "http://cds.cern.ch/record/1982209",
}

@unpublished{ACONI:00000,
	title = "\emph{EUDET ACONITE telescope}",
	url = "https://telescopes.desy.de",
	note = "https://telescopes.desy.de",
}




@article{Eremin2002537,
title = "Effect of radiation induced deep level traps on Si detector performance ",
journal = "Nuclear Instruments and Methods in Physics Research Section A: Accelerators, Spectrometers, Detectors and Associated Equipment ",
volume = "476",
number = "3",
pages = "537 - 549",
year = "2002",
note = "Proc. of the 3rd Int. Conf. on Radiation Effects on Semiconductor Materials, Detectors and Devices ",
issn = "0168-9002",
doi = "http://dx.doi.org/10.1016/S0168-9002(01)01640-0",
url = "http://www.sciencedirect.com/science/article/pii/S0168900201016400",
author = "V Eremin and E Verbitskaya and Z Li",
}

@ARTICLE{4327634, 
author={S. F. Kozlov and R. Stuck and M. Hage-Ali and P. Siffert}, 
journal={IEEE Transactions on Nuclear Science}, 
title={Preparation and Characteristics of Natural Diamond Nuclear Radiation Detectors}, 
year={1975}, 
volume={22}, 
number={1}, 
pages={160-170}, 
keywords={Contacts;Crystalline materials;Crystals;Electron mobility;Lighting;Nitrogen;Optical polarization;Radiation detectors;Space technology;Temperature sensors}, 
doi={10.1109/TNS.1975.4327634}, 
ISSN={0018-9499}, 
month={Feb},}

@Article{s150613424,
AUTHOR = {Gaubas, Eugenijus and Ceponis, Tomas and Meskauskaite, Dovile and Kazuchits, Nikolai},
TITLE = {Profiling of Current Transients in Capacitor Type  Diamond Sensors},
JOURNAL = {Sensors},
VOLUME = {15},
YEAR = {2015},
NUMBER = {6},
PAGES = {13424},
URL = {http://www.mdpi.com/1424-8220/15/6/13424},
PubMedID = {26061200},
ISSN = {1424-8220},
ABSTRACT = {The operational characteristics of capacitor-type detectors based on HPHT and CVD diamond have been investigated using perpendicular and parallel injection of carrier domain regimes. Simulations of the drift-diffusion current transients have been implemented by using dynamic models based on Shockley-Ramoâ€™s theorem, under injection of localized surface domains and of bulk charge carriers. The bipolar  drift-diffusion regimes have been analyzed for the photo-induced bulk domain (packet) of excess carriers. The surface charge formation and polarization effects dependent on detector biasing voltage have been revealed. The screening effects ascribed to surface charge and to dynamics of extraction of the injected bulk excess carrier domain have been separated and explained. The parameters of drift mobility of the electrons Î¼e = 4000 cm2/Vs and holes Î¼h = 3800 cm2/Vs have been evaluated for CVD diamond using the perpendicular profiling of currents. The coefficient of carrier ambipolar diffusion Da = 97 cm2/s and the carrier recombination lifetime Ï„R,CVD â‰Œ 110 ns in CVD diamond were extracted by combining analysis of the transients of the sensor current and the microwave probed photoconductivity. The carrier trapping with inherent lifetime Ï„R,HPHT â‰Œ 2 ns prevails in HPHT diamond.},
DOI = {10.3390/s150613424}
}
