@unpublished{ASIC:00000,
	author	= "",
	title		= "\emph{ASIC}",
	year		= "",
	url		= "http://www.embedded-systems-portal.com/CTB/CTB_images/L2/L2_ASIC.jpg",
}

@unpublished{E6:00000,
	author	= "",
	title		= "\emph{Element Six}",
	year		= "",
	note          = "http://www.e6.com",
	url		= "http://www.e6.com",
}

@unpublished{IIA:00000,
	author	= "",
	title		= "\emph{IIa Technologies Pte. Ltd.}",
	year		= "",
	note          = "https://www.2atechnologies.com",
	url		= "https://www.2atechnologies.com",
}

@unpublished{DRS4:00000,
	author	= "",
	title		= "\emph{DRS4}",
	year		= "",
	note          = "https://www.psi.ch/drs/evaluation-board",
	url		= "https://www.psi.ch/drs/evaluation-board",
}

@phdthesis{Jansen:1956431,
      author        = "Jansen, Hendrik and Wermes, Norbert and Pernegger, Heinz",
      title         = "{Chemical Vapour Deposition Diamond -  Charge Carrier
                       Movement at Low Temperatures and Use in Time-Critical
                       Applications}",
      school        = "Bonn U.",
      month         = "Sep",
      year          = "2013",
      reportNumber  = "CERN-THESIS-2013-339",
      url           = "https://cds.cern.ch/record/1956431",
      note          = "Presented 10 Dec 2013",
}



@article{PASCHEN:00000,
      author        = "P. Carazzetti and H. R. Shea",
      title         = "\emph{Electrical breakdown at low pressure for planar microelectromechanical systems with 10- to 500~$\upmu$m gaps}",
      journal       = "J. Micro/Nanolith. MEMS MOEMS",
      number        = "8(3), 031305",
      month         = "Jul-Sep",
      year          = "2009",
      url           = "http://infoscience.epfl.ch/record/139397/files/JM3\%20carazzetti\%20paschen.pdf",
}

@article{Guthoff:2014223,
title = "Simulation of beam induced lattice defects of diamond detectors using \{FLUKA\} ",
journal = "Nuclear Instruments and Methods in Physics Research Section A: Accelerators, Spectrometers, Detectors and Associated Equipment ",
volume = "735",
number = "",
pages = "223 - 228",
year = "2014",
note = "",
issn = "0168-9002",
doi = "http://dx.doi.org/10.1016/j.nima.2013.08.083",
url = "http://www.sciencedirect.com/science/article/pii/S0168900213012291",
author = "Moritz Guthoff and Wim de Boer and Steffen MÃ¼ller",
keywords = "Diamond detector",
keywords = "Radiation hardness",
keywords = "FLUKA",
keywords = "DPA",
keywords = "NIEL "
}

@ARTICLE{2002NIMPA,
   author = {{Huhtinen}, M.},
    title = "{Simulation of non-ionising energy loss and defect formation in silicon}",
  journal = {Nuclear Instruments and Methods in Physics Research A},
     year = 2002,
    month = sep,
   volume = 491,
    pages = {194-215},
      doi = {10.1016/S0168-9002(02)01227-5},
   adsurl = {http://adsabs.harvard.edu/abs/2002NIMPA.491..194H},
  adsnote = {Provided by the SAO/NASA Astrophysics Data System}
}

@book{NEQ:00000,
      title         = "{Determination of operational dose equivalent quantities
                       for neutrons}",
      publisher     = "ICRU",
      address       = "Washington, DC",
      year          = "2001",
      url           = "http://cds.cern.ch/record/1402583",
}


@unpublished{RD42:00000,
	author	= "",
	title		= "\emph{RD42 collaboration}",
	year		= "",
	note          = "http://rd42.web.cern.ch/rd42/",
	url		= "http://rd42.web.cern.ch/rd42/",
}


book {RADSEN:00000,
title = {Radiation Sensors for High Energy Physics Experiments},
author = {Kagan, H. and Trischuk, W.},
author = {},
publisher = {John Wiley & Sons, Ltd},
isbn = {9780470740392},
url = {http://dx.doi.org/10.1002/9780470740392.ch9},
doi = {10.1002/9780470740392.ch9},
pages = {207--226},
keywords = {high-energy physics experiments and high-energy physics interaction, CVD diamond detectors, radiation sensors in high energy physics experiments, radiation hardness studies with CVD diamond, CVD diamond use in high-energy physics, radiation monitoring in high precision tracking system, Beam Condition Monitors (BCM), strip detectors, Large Hadron Collider (sLHC)},
booktitle = {CVD Diamond for Electronic Devices and Sensors},
year = {2009},
}


book {RADSEN:00001,
title = {Radiation Sensors for High Energy Physics Experiments},
author = {Kagan, H. and Trischuk, W.},
author = {},
publisher = {John Wiley & Sons, Ltd},
isbn = {9780470740392},
url = {http://dx.doi.org/10.1002/9780470740392.ch9},
doi = {10.1002/9780470740392.ch9},
pages = {395},
keywords = {high-energy physics experiments and high-energy physics interaction, CVD diamond detectors, radiation sensors in high energy physics experiments, radiation hardness studies with CVD diamond, CVD diamond use in high-energy physics, radiation monitoring in high precision tracking system, Beam Condition Monitors (BCM), strip detectors, Large Hadron Collider (sLHC)},
booktitle = {CVD Diamond for Electronic Devices and Sensors},
year = {2009},
}


%MISSING RD42 LINK TO damage factors

@unpublished{PSI:00000,
	author	= "",
	title		= "\emph{Paul Scherrer Institute}",
	year		= "",
	note          = "https://www.psi.ch/",
	url		= "https://www.psi.ch/",
}


@techreport{Brianti:604383,
      author        = "Brianti, Giorgio",
      title         = "{SPS North Experimental Area}",
      institution   = "CERN",
      address       = "Geneva",
      number        = "CERN-SPSC-T-73-8. LabII-EA-Note-73-4",
      year          = "1973",
      url           = "http://cds.cern.ch/record/604383",
}

@article{BETHE:00000,
      author        = "H. Bethe and J. Ashkin",
      title         = "",
      journal       = "{Experimental Nuclear Physics, ed. E. Segre}",
      publisher = {J. Wiley, New York},
      year          = "1953",
      pages = {253},
}

@book{sarin2014comprehensive,
  title={Comprehensive Hard Materials},
  author={Sarin, V.},
  isbn={9780080965284},
  url={https://books.google.ch/books?id=WXAiAQAAQBAJ},
  year={2014},
  publisher={Elsevier Science},
        pages = {411},
        note = {p. 411},
}

@article{Griesmayer20121997,
title = "Diamonds for Beam Instrumentation ",
journal = "Physics Procedia ",
volume = "37",
number = "",
pages = "1997 - 2004",
year = "2012",
note = "Proceedings of the 2nd International Conference on Technology and Instrumentation in Particle Physics (TIPP 2011) ",
issn = "1875-3892",
doi = "http://dx.doi.org/10.1016/j.phpro.2012.02.526",
url = "http://www.sciencedirect.com/science/article/pii/S1875389212019232",
author = "E. Griesmayer and B. Dehning",
keywords = "\{CVD\} diamonds",
keywords = "Particle detectors",
keywords = "Beam instrumentation "
}

@article{Kramberger:2013wva,
      author         = "Kramberger, Gregor and Cindro, V. and Gorisek, A. and
                        Mandic, I. and Mikuz, M. and Zavrtanik, M.",
      title          = "{Effects of bias voltage during priming on operation of
                        diamond detectors}",
      booktitle      = "{Proceedings, 21st International Workshop on Vertex
                        Detectors (Vertex 2012)}",
      collaboration  = "CERN-RD42",
      journal        = "PoS",
      volume         = "Vertex2012",
      year           = "2013",
      pages          = "013",
      SLACcitation   = "%%CITATION = POSCI,Vertex2012,013;%%"
}

@article{PhysRevLett.13.13,
  title = {Lattice Vibrations in Diamond},
  author = {Yarnell, J. L. and Warren, J. L. and Wenzel, R. G.},
  journal = {Phys. Rev. Lett.},
  volume = {13},
  issue = {1},
  pages = {13--15},
  numpages = {0},
  year = {1964},
  month = {Jul},
  publisher = {American Physical Society},
  doi = {10.1103/PhysRevLett.13.13},
  url = {http://link.aps.org/doi/10.1103/PhysRevLett.13.13}
}



@article{EXCIT:00000,
	Annote = {10.1038/nmat1658},
	Author = {Koch, S. W. and Kira, M. and Khitrova, G. and Gibbs, H. M.},
	Date = {2006/07//print},
	Date-Added = {2016-02-22 22:24:25 +0000},
	Date-Modified = {2016-02-22 22:24:25 +0000},
	Isbn = {1476-1122},
	Journal = {Nat Mater},
	M3 = {10.1038/nmat1658},
	Month = {07},
	Number = {7},
	Pages = {523--531},
	Title = {Semiconductor excitons in new light},
	Ty = {JOUR},
	Url = {http://dx.doi.org/10.1038/nmat1658},
	Volume = {5},
	Year = {2006},
	Bdsk-Url-1 = {http://dx.doi.org/10.1038/nmat1658}
}


@ARTICLE{1970PhyEd...5..226L,
   author = {{Liang}, W.~Y.},
    title = "{Excitons}",
  journal = {Physics Education},
     year = 1970,
    month = jul,
   volume = 5,
    pages = {226-228},
      doi = {10.1088/0031-9120/5/4/003},
   adsurl = {http://adsabs.harvard.edu/abs/1970PhyEd...5..226L},
  adsnote = {Provided by the SAO/NASA Astrophysics Data System}
}



@unpublished{RD42IRRAD:00000,
	author	= "M. Miku\v{z}",
	title		= "\emph{Diamond sensors for high energy radiation and particle detection}",
	year		= "TIPP, 2011",
	note          = "https://indico.cern.ch/event/102998/session/22/contribution/463/attachments/10561/15445/diamond-TIPP11-nb.pdf
",
	url		= "https://indico.cern.ch/event/102998/session/22/contribution/463/attachments/10561/15445/diamond-TIPP11-nb.pdf
",
}