
@phdthesis{CHRISSI:00005,
      author        = "C. Weiss",
      title         = "\emph{A CVD diamond detector for (n,$\alpha$) cross-section measurements}",
      school        = "TU Wien, Vienna",
      month         = "",
      year          = "2014",
      reportNumber  = "",
      url           = "",
      note          = "",
}

%TIPP
@article{PAVEL:00004,
      author        = "E. Griesmayer and P. Kavrigin",
      title         = "\emph{Diamonds for Beam Instrumentation}",
      journal       = "Proceedings of Technology and Instrumentation in Particle Physics 2014",
      number        = "Amsterdam, Netherlands",
      month         = "",
      year          = "2014",
      url           = "",
}

%Signals
@article{PAVEL:00003,
      author        = "C. Weiss and H. Frais-K{\"o}lbl and E. Griesmayer and P. Kavrigin",
      title         = "\emph{Ionization signals of diamond detectors in fast neutron fields}",
      journal       = "publication in preparation",
      number        = "",
      month         = "",
      year          = "2016",
      url           = "",
}

%Reactor
@article{PAVEL:00002,
      author        = "E. Griesmayer and R. Bergmann and H. B{\"o}ck and M. Cagnazzo and P. Kavrigin and B. Morgenbesser and  M. Villa",
      title         = "\emph{A Novel Neutron Flux Monitor Based On Diamond Detectors at the Vienna TRIGA Mark II Reactor}",
      journal       = "submitted to the proceedings of ICRR 2015",
      number        = "",
      month         = "",
      year          = "2015",
      url           = "",
}


%PSA
@article{PAVEL:00000,
      author        = "P. Kavrigin and P. Finocchiaro and E. Griesmayer and E. Jericha and A. Pappalardo and C. Weiss",
      title         = "\emph{Pulse-shape analysis for gamma background rejection in thermal neutron radiation using CVD diamond detectors}",
      journal       = "Nuclear Instruments and Methods in Physics Research A",
      number        = "795",
      month         = "",
      year          = "2015",
      url           = "",
}

%C13
@article{PAVEL:00001,
      author        = "P.~Kavrigin and E.~Griesmayer and F.~Belloni and A.J.M.~Plompen and P.~Schillebeeckx and C.~Weiss",
      title         = "\emph{$\mathbf{^{13}}$C(n,$\mathbf{\alpha_{0}}$)$\mathbf{^{10}}$Be cross section measurement with sCVD diamond detector}",
      journal       = "submitted to EPJA",
      number        = "",
      month         = "",
      year          = "2016",
      url           = "",
}

@unpublished{EPFL:00000,
	title = "\emph{CROCUS neutron reactor}",
	url = "http://lrs.epfl.ch/page-55655-en.html",
	note = "http://lrs.epfl.ch/page-55655-en.html",
	}

@unpublished{ITER:00000,
	title = "\emph{ITER fusion reactor}",
	url = "https://www.iter.org/",
	note = "https://www.iter.org/",
	}





