@unpublished{Dominguez:2002395,
      author        = "Dominguez, Daniel",
      title         = "\emph{Standard Model. Le modele standard}",
      month         = "Mar",
      year          = "2015",
      reportNumber  = "OPEN-PHO-CHART-2015-001",
      url           = "http://cds.cern.ch/record/2002395",
      note          = "General Photo",
}

@unpublished{Maximilien:1324852,
      author        = "Maximilien Brice",
      title         = "\emph{LHC tunnel}",
      month         = "Jan",
      year          = "2011",
      reportNumber  = "CERN-GE-1101021",
      url           = "http://cds.cern.ch/record/1324852",
}

@unpublished{Pequenao:1095924,
      author        = "Joao Pequenao",
      title         = "\emph{Computer generated image of the whole ATLAS detector}",
      month         = "Mar",
      year          = "2008",
      reportNumber  = "CERN-GE-0803012",
      url           = "http://cds.cern.ch/record/1095924",
}

@unpublished{Maximilien:1304589,
      author        = "Maximilien Brice",
      title         = "\emph{View of the nTOF detector}",
      month         = "Oct",
      year          = "2010",
      reportNumber  = "CERN-EX-1010249",
      url           = "http://cds.cern.ch/record/1304589",
}

@unpublished{GeneralAtomics,
      author        = "General Atomics",
      title         = "\emph{View of the TRIGA reactor.}",
      year          = "2015",
      url           = "http://www.ga.com/triga",
}

@unpublished{MarcelloniDeOliveira:1702006,
      author        = "Marcelloni De Oliveira, Claudia",
      title         = "\emph{IBL installation into the inner detector of the ATLAS
                       Experiment side C}",
      month         = "May",
      year          = "2014",
      reportNumber  = "ATLAS-PHO-COLLAB-2014-008",
      url           = "http://cds.cern.ch/record/1702006",
      note          = "General Photo",
}

@unpublished{Cividec:00000,
      author        = "CIVIDEC Instrumentation GmbH",
      title         = "\emph{sCVD diamond sensor}",
      year          = "2015",
      url           = "http://www.cividec.at",
      note           = "http://www.cividec.at",
}

@inproceedings{Novaes:1999yn,
      author         = "Novaes, S. F.",
      title          = "\emph{Standard model: An Introduction}",
      booktitle      = "{Particles and fields. Proceedings, 10th Jorge Andre
                        Swieca Summer School, Sao Paulo, Brazil, February 6-12,
                        1999}",
      url            = "http://alice.cern.ch/format/showfull?sysnb=2173689",
      year           = "1999",
      eprint         = "hep-ph/0001283",
      archivePrefix  = "arXiv",
      primaryClass   = "hep-ph",
      reportNumber   = "IFT-P-010-2000",
      SLACcitation   = "%%CITATION = HEP-PH/0001283;%%"
}

@unpublished{CERN:00000,
	author	= "",
	title		= "\emph{European Centre for Nuclear Research, CERN}",
	year		= "",
	url		= "http://home.cern",
	note		= "http://home.cern",
}

@article{Mills:133232,
      author        = "Mills, W P C",
      title         = "\emph{The present performance of the SPS}",
      journal       = "IEEE Trans. Nucl. Sci.",
      number        = "CERN-SPS-AOP-79-9",
      volume        = "26",
      pages         = "3176-3178. 3 p",
      month         = "Mar",
      year          = "1979",
      url           = "http://cds.cern.ch/record/133232",
}

@unpublished{AtomInst:00000,
	author	= "",
	title		= "\emph{Atominstitut, Technical University of Vienna, Austria}",
	year		= "",
	url		= "http://ati.tuwien.ac.at/startpage/EN/",
	note		= "http://ati.tuwien.ac.at/startpage/EN/",
}

@unpublished{Triga:00000,
	author	= "",
	title		= "\emph{TRIGA MARK II neutron reactor}",
	year		= "",
	url		= "http://ati.tuwien.ac.at/reactor/EN/",
	note		= "http://ati.tuwien.ac.at/reactor/EN/",
}

@unpublished{NTOF:00000,
	author	= "",
	title		= "\emph{Neutron Time-of-flight experiment}",
	year		= "",
	url		= "https://ntof-exp.web.cern.ch/ntof-exp/",
	note		= "https://ntof-exp.web.cern.ch/ntof-exp/",
}

@techreport{Pernegger:1985432,
      author        = "Pernegger, Heinz",
      title         = "\emph{The Pixel Detector of the ATLAS Experiment for LHC
                       Run-2}",
      institution   = "CERN",
      address       = "Geneva",
      number        = "ATL-INDET-PROC-2015-001",
      month         = "Feb",
      year          = "2015",
      reportNumber  = "ATL-INDET-PROC-2015-001",
      url           = "http://cds.cern.ch/record/1985432",
}
