%@unpublished{ASIC:00000,
%	author	= "",
%	title		= "\emph{ASIC}",
%	year		= "",
%	url		= "http://www.embedded-systems-portal.com/CTB/CTB\_images/L2/L2\_ASIC.jpg",
%	note		= "http://www.embedded-systems-portal.com/CTB/CTB\_images/L2/L2\_ASIC.jpg",
%}

@article{ASIC:00000,
      author         = "Garcia-Sciveres, M.",
      title          = "{ATLAS Experiment Pixel Detector Upgrades}",
      collaboration  = "ATLAS",
      year           = "2011",
      eprint         = "1109.4662",
      archivePrefix  = "arXiv",
      primaryClass   = "physics.ins-det",
      reportNumber   = "ATL-UPGRADE-PROC-2011-006",
      SLACcitation   = "%%CITATION = ARXIV:1109.4662;%%"
}

@unpublished{FPGA:00000,
	author	= "",
	title		= "\emph{Xilinx Virtex 5 FPGA}",
	year		= "",
	url		= "http://www.hdl.co.jp/XCM-109/top.560.jpg",
	note		= "http://www.hdl.co.jp/XCM-109/top.560.jpg",
}

@article{RAMO:00000,
	author	= "Ramo, S.",
	title		= "\emph{Currents Induced by Electron Motion}",
	year		= "1939",
	journal	= "Proceedings of the IRE",
	volume	= "27",
	pages	= "584--585",
	doi		= "doi:10.1109/JRPROC.1939.228757",
	url		= "http://ieeexplore.ieee.org/xpl/articleDetails.jsp?arnumber=1686997",
}

@article{SHOCKLEY:00000,
	author	= "Shockley, W.",
	title		= "\emph{Currents to Conductors Induced by a Moving Point Charge}",
	year		= "1938",
	journal	= "Journal of applied Physics",
	volume	= "9",
	pages	= "635",
	doi		= " doi:10.1063/1.1710367",
	url		= "http://scitation.aip.org/content/aip/journal/jap/9/10/10.1063/1.1710367",
}

@book{PDDC:00000,
	author	= "W. Blum and W. Riegler and L. Rolandi",
	title		= "\emph{Particle Detection with Drift Chambers}",
	series	= "2",
	year		= "2008",
	volume	= "2",
	publisher	= "Springer-Verlag",
	address	= "Berlin Heidelberg",
}

@article{JANSEN:00001,
   author = "Jansen, Hendrik and Dobos, Daniel and Eisel, Thomas and Pernegger, Heinz and Eremin, Vladimir and Wermes, Norbert",
   title = "Temperature dependence of charge carrier mobility in single-crystal chemical vapour deposition diamond",
   journal = "Journal of Applied Physics",
   year = "2013",
   volume = "113",
   number = "17", 
   eid = 173706,
   pages = "",
   url = "http://scitation.aip.org/content/aip/journal/jap/113/17/10.1063/1.4802679",
   doi = "http://dx.doi.org/10.1063/1.4802679" 
}


