@unpublished{ASIC:00000,
	author	= "",
	title		= "\emph{ASIC}",
	year		= "",
	url		= "http://www.embedded-systems-portal.com/CTB/CTB_images/L2/L2_ASIC.jpg",
}

@unpublished{FPGA:00000,
	author	= "",
	title		= "\emph{Xilinx Virtex 5 FPGA}",
	year		= "",
	url		= "http://www.hdl.co.jp/XCM-109/top.560.jpg",
}

@article{RAMO:00000,
	author	= "Ramo, S.",
	title		= "\emph{Currents Induced by Electron Motion}",
	year		= "1939",
	journal	= "Proceedings of the IRE",
	volume	= "27",
	pages	= "584--585",
	doi		= "doi:10.1109/JRPROC.1939.228757",
	url		= "http://ieeexplore.ieee.org/xpl/articleDetails.jsp?arnumber=1686997",
}

@article{SHOCKLEY:00000,
	author	= "Shockley, W.",
	title		= "\emph{Currents to Conductors Induced by a Moving Point Charge}",
	year		= "1938",
	journal	= "Journal of applied Physics",
	volume	= "9",
	pages	= "635",
	doi		= " doi:10.1063/1.1710367",
	url		= "http://scitation.aip.org/content/aip/journal/jap/9/10/10.1063/1.1710367",
}

@book{key ,
author = {L M Napster},
title = {Mathematical Theory of Efficient Piracy},
series = {Lecture Notes in Mathematics},
volume = {3204},
publisher = {Springer Verlag},
address = {New York NY},
year = {1998}
}
@book{PDDC:00000,
	author	= "W. Blum and W. Riegler and L. Rolandi",
	title		= "\emph{Particle Detection with Drift Chambers}",
	series	= "2",
	year		= "2008",
	volume	= "2",
	publisher	= "Springer-Verlag",
	address	= "Berlin Heidelberg",
}
